<?xml version="1.0" encoding="UTF-8" ?><marc:collection xmlns:marc="http://www.loc.gov/MARC21/slim" xmlns:xsi="http://www.w3.org/2001/XMLSchema-instance" xsi:schemaLocation="http://www.loc.gov/MARC21/slim http://www.loc.gov/standards/marcxml/schema/MARC21slim.xsd">
<marc:record><marc:leader>01519nam a2200349 a 4500</marc:leader>
<marc:controlfield tag="001">000212834</marc:controlfield>
<marc:controlfield tag="003">CaOONL</marc:controlfield><marc:controlfield tag="005">20240918091639.0</marc:controlfield><marc:controlfield tag="008">850319s1984    vaub    bb   f000 0 eng d</marc:controlfield><marc:datafield tag="035" ind1="9" ind2=" "><marc:subfield code="a">gp^85015051</marc:subfield></marc:datafield><marc:datafield tag="035" ind1=" " ind2=" "><marc:subfield code="a">(OCoLC)11823406</marc:subfield></marc:datafield><marc:datafield tag="040" ind1=" " ind2=" "><marc:subfield code="a">GPO</marc:subfield><marc:subfield code="b">eng</marc:subfield><marc:subfield code="c">GPO</marc:subfield></marc:datafield><marc:datafield tag="043" ind1=" " ind2=" "><marc:subfield code="a">n-us-ca</marc:subfield></marc:datafield><marc:datafield tag="074" ind1=" " ind2=" "><marc:subfield code="a">0624-H (MF)</marc:subfield></marc:datafield><marc:datafield tag="086" ind1="0" ind2=" "><marc:subfield code="a">I 19.76:84-631</marc:subfield></marc:datafield><marc:datafield tag="245" ind1="0" ind2="0"><marc:subfield code="a">Mineral resource potential of the Eagle Mountains Wilderness Study Area (CDCA-334), Riverside County, California</marc:subfield><marc:subfield code="h">[microform] :</marc:subfield><marc:subfield code="b">summary report /</marc:subfield><marc:subfield code="c">by Robert E. Powell ... [and others].</marc:subfield></marc:datafield><marc:datafield tag="264" ind1=" " ind2="1"><marc:subfield code="a">[Reston, Va.?] :</marc:subfield><marc:subfield code="b">Dept. of the Interior, U.S. Geological Survey,</marc:subfield><marc:subfield code="c">[1984?]</marc:subfield></marc:datafield><marc:datafield tag="300" ind1=" " ind2=" "><marc:subfield code="a">1 volume :</marc:subfield><marc:subfield code="b">maps ;</marc:subfield><marc:subfield code="c">28 cm.</marc:subfield></marc:datafield><marc:datafield tag="336" ind1=" " ind2=" "><marc:subfield code="a">text</marc:subfield><marc:subfield code="b">txt</marc:subfield><marc:subfield code="2">rdacontent</marc:subfield></marc:datafield><marc:datafield tag="337" ind1=" " ind2=" "><marc:subfield code="a">microform</marc:subfield><marc:subfield code="b">h</marc:subfield><marc:subfield code="2">rdamedia</marc:subfield></marc:datafield><marc:datafield tag="338" ind1=" " ind2=" "><marc:subfield code="a">microfiche</marc:subfield><marc:subfield code="b">he</marc:subfield><marc:subfield code="2">rdacarrier</marc:subfield></marc:datafield><marc:datafield tag="490" ind1="1" ind2=" "><marc:subfield code="a">Open-file report ;</marc:subfield><marc:subfield code="v">84-631</marc:subfield></marc:datafield><marc:datafield tag="500" ind1=" " ind2=" "><marc:subfield code="a">Caption title.</marc:subfield></marc:datafield><marc:datafield tag="504" ind1=" " ind2=" "><marc:subfield code="a">Bibliography: leaves 17-19.</marc:subfield></marc:datafield><marc:datafield tag="533" ind1=" " ind2=" "><marc:subfield code="a">Microfiche.</marc:subfield><marc:subfield code="b">[Denver, Colo. :</marc:subfield><marc:subfield code="c">U.S. Geological Survey,</marc:subfield><marc:subfield code="d">1984?].</marc:subfield><marc:subfield code="e">2 microfiches ; 11 x 15 cm.</marc:subfield></marc:datafield><marc:datafield tag="590" ind1=" " ind2=" "><marc:subfield code="a">[Item 624-H (microfiche); zai/lbr/eb]</marc:subfield></marc:datafield><marc:datafield tag="650" ind1=" " ind2="0"><marc:subfield code="a">Mines and mineral resources</marc:subfield><marc:subfield code="z">California</marc:subfield><marc:subfield code="z">Riverside County.</marc:subfield></marc:datafield><marc:datafield tag="700" ind1="1" ind2=" "><marc:subfield code="a">Powell, Robert E.</marc:subfield><marc:subfield code="q">(Robert Edward),</marc:subfield><marc:subfield code="d">1947-</marc:subfield></marc:datafield><marc:datafield tag="710" ind1="2" ind2=" "><marc:subfield code="a">Geological Survey (U.S.)</marc:subfield><marc:subfield code="0">https://id.loc.gov/authorities/names/n80092173</marc:subfield></marc:datafield><marc:datafield tag="830" ind1=" " ind2="0"><marc:subfield code="a">U.S. Geological Survey open-file report ;</marc:subfield><marc:subfield code="0">https://id.loc.gov/authorities/names/n86714535</marc:subfield><marc:subfield code="v">84-631.</marc:subfield></marc:datafield><marc:datafield tag="856" ind1=" " ind2=" "><marc:subfield code="3">(microfiche)</marc:subfield><marc:subfield code="u">http://catalog.gpo.gov/fdlpdir/locate.jsp?ItemNumber=624-H&amp;SYS=000212834</marc:subfield></marc:datafield><marc:datafield tag="049" ind1=" " ind2=" "><marc:subfield code="a">GPOO</marc:subfield></marc:datafield></marc:record>