
<marc:record><marc:leader>02842nem a2200577 i 4500</marc:leader>
<marc:controlfield tag="001">001415488</marc:controlfield>
<marc:controlfield tag="005">20240924171722.0</marc:controlfield><marc:controlfield tag="006">m     o  c f      </marc:controlfield><marc:controlfield tag="007">cr |||||||||||</marc:controlfield><marc:controlfield tag="007">aj canzn</marc:controlfield><marc:controlfield tag="008">240924s1989    vauag  bh a  fo 1   eng c</marc:controlfield><marc:datafield tag="034" ind1="1" ind2=" "><marc:subfield code="a">a</marc:subfield><marc:subfield code="b">125000</marc:subfield><marc:subfield code="d">W1194500</marc:subfield><marc:subfield code="e">W1191000</marc:subfield><marc:subfield code="f">N0381300</marc:subfield><marc:subfield code="g">N0372800</marc:subfield></marc:datafield><marc:datafield tag="035" ind1=" " ind2=" "><marc:subfield code="a">(OCoLC)1457045460</marc:subfield></marc:datafield><marc:datafield tag="040" ind1=" " ind2=" "><marc:subfield code="a">GPO</marc:subfield><marc:subfield code="b">eng</marc:subfield><marc:subfield code="e">rda</marc:subfield><marc:subfield code="e">pn</marc:subfield><marc:subfield code="c">GPO</marc:subfield></marc:datafield><marc:datafield tag="042" ind1=" " ind2=" "><marc:subfield code="a">pcc</marc:subfield></marc:datafield><marc:datafield tag="043" ind1=" " ind2=" "><marc:subfield code="a">n-us-ca</marc:subfield></marc:datafield><marc:datafield tag="052" ind1=" " ind2=" "><marc:subfield code="a">4362</marc:subfield><marc:subfield code="b">Y6</marc:subfield></marc:datafield><marc:datafield tag="074" ind1=" " ind2=" "><marc:subfield code="a">0619-G-08 (online)</marc:subfield></marc:datafield><marc:datafield tag="086" ind1="0" ind2=" "><marc:subfield code="a">I 19.91:I-1874/989</marc:subfield></marc:datafield><marc:datafield tag="110" ind1="2" ind2=" "><marc:subfield code="a">Geological Survey (U.S.),</marc:subfield><marc:subfield code="e">cartographer.</marc:subfield></marc:datafield><marc:datafield tag="245" ind1="1" ind2="0"><marc:subfield code="a">Geologic map of Yosemite National Park and vicinity, California :</marc:subfield><marc:subfield code="b">a digital database /</marc:subfield><marc:subfield code="c">Department of the Interior, U.S. Geological Survey ; compiled by N. King Huber, Paul C. Bateman, and Clyde Wahrhaftig.</marc:subfield></marc:datafield><marc:datafield tag="255" ind1=" " ind2=" "><marc:subfield code="a">Scale 1:125,000 ;</marc:subfield><marc:subfield code="b">Universal Transverse Mercator projection</marc:subfield><marc:subfield code="c">(W 119°45ʹ--W 119°10ʹ/N 38°13ʹ--N 37°28ʹ).</marc:subfield></marc:datafield><marc:datafield tag="264" ind1=" " ind2="1"><marc:subfield code="a">[Reston, Virginia] :</marc:subfield><marc:subfield code="b">U.S. Geological Survey,</marc:subfield><marc:subfield code="c">1989.</marc:subfield></marc:datafield><marc:datafield tag="300" ind1=" " ind2=" "><marc:subfield code="a">1 map :</marc:subfield><marc:subfield code="b">color.</marc:subfield></marc:datafield><marc:datafield tag="336" ind1=" " ind2=" "><marc:subfield code="a">cartographic image</marc:subfield><marc:subfield code="b">cri</marc:subfield><marc:subfield code="2">rdacontent</marc:subfield></marc:datafield><marc:datafield tag="336" ind1=" " ind2=" "><marc:subfield code="a">text</marc:subfield><marc:subfield code="b">txt</marc:subfield><marc:subfield code="2">rdacontent</marc:subfield></marc:datafield><marc:datafield tag="337" ind1=" " ind2=" "><marc:subfield code="a">computer</marc:subfield><marc:subfield code="b">c</marc:subfield><marc:subfield code="2">rdamedia</marc:subfield></marc:datafield><marc:datafield tag="338" ind1=" " ind2=" "><marc:subfield code="a">online resource</marc:subfield><marc:subfield code="b">cr</marc:subfield><marc:subfield code="2">rdacarrier</marc:subfield></marc:datafield><marc:datafield tag="490" ind1="1" ind2=" "><marc:subfield code="a">Miscellaneous investigations series ;</marc:subfield><marc:subfield code="v">map I-1874</marc:subfield></marc:datafield><marc:datafield tag="500" ind1=" " ind2=" "><marc:subfield code="a">Relief shown by contours and spot heights.</marc:subfield></marc:datafield><marc:datafield tag="500" ind1=" " ind2=" "><marc:subfield code="a">Includes text, location map, 2 index maps, and a geologic time chart.</marc:subfield></marc:datafield><marc:datafield tag="500" ind1=" " ind2=" "><marc:subfield code="a">In scope of the U.S. Government Publishing Office Cataloging and Indexing Program (C&amp;I) and Federal Depository Library Program (FDLP).</marc:subfield></marc:datafield><marc:datafield tag="504" ind1=" " ind2=" "><marc:subfield code="a">Includes bibliographical references.</marc:subfield></marc:datafield><marc:datafield tag="588" ind1="0" ind2=" "><marc:subfield code="a">Online resource; title from web page (USGS website, viewed Sept. 24, 2024).</marc:subfield></marc:datafield><marc:datafield tag="650" ind1=" " ind2="0"><marc:subfield code="a">Geology</marc:subfield><marc:subfield code="z">California</marc:subfield><marc:subfield code="z">Yosemite National Park</marc:subfield><marc:subfield code="v">Maps.</marc:subfield></marc:datafield><marc:datafield tag="651" ind1=" " ind2="0"><marc:subfield code="a">Yosemite National Park (Calif.)</marc:subfield><marc:subfield code="v">Maps.</marc:subfield></marc:datafield><marc:datafield tag="650" ind1=" " ind2="7"><marc:subfield code="a">Geology.</marc:subfield><marc:subfield code="2">fast</marc:subfield><marc:subfield code="0">(OCoLC)fst00940627</marc:subfield></marc:datafield><marc:datafield tag="651" ind1=" " ind2="7"><marc:subfield code="a">California</marc:subfield><marc:subfield code="z">Yosemite National Park.</marc:subfield><marc:subfield code="2">fast</marc:subfield><marc:subfield code="0">(OCoLC)fst01308988</marc:subfield></marc:datafield><marc:datafield tag="655" ind1=" " ind2="7"><marc:subfield code="a">Maps.</marc:subfield><marc:subfield code="2">fast</marc:subfield><marc:subfield code="0">(OCoLC)fst01423704</marc:subfield></marc:datafield><marc:datafield tag="655" ind1=" " ind2="7"><marc:subfield code="a">Maps.</marc:subfield><marc:subfield code="2">lcgft</marc:subfield></marc:datafield><marc:datafield tag="700" ind1="1" ind2=" "><marc:subfield code="a">Huber, N. King</marc:subfield><marc:subfield code="q">(Norman King),</marc:subfield><marc:subfield code="d">1926-</marc:subfield><marc:subfield code="1">https://id.oclc.org/worldcat/entity/E39PBJcGhm8FcvMMBdVdV4fTHC</marc:subfield></marc:datafield><marc:datafield tag="700" ind1="1" ind2=" "><marc:subfield code="a">Bateman, Paul C.,</marc:subfield><marc:subfield code="d">1910-2007.</marc:subfield><marc:subfield code="1">https://id.oclc.org/worldcat/entity/E39PBJfMj3Gj3kcpf7pcwchyh3</marc:subfield></marc:datafield><marc:datafield tag="700" ind1="1" ind2=" "><marc:subfield code="a">Wahrhaftig, Clyde,</marc:subfield><marc:subfield code="d">1919-1994.</marc:subfield><marc:subfield code="1">https://id.oclc.org/worldcat/entity/E39PBJrm6Mh7HW9Bt678CgCG73</marc:subfield></marc:datafield><marc:datafield tag="776" ind1="0" ind2="8"><marc:subfield code="i">Print version:</marc:subfield><marc:subfield code="a">Geological Survey (U.S.).</marc:subfield><marc:subfield code="t">Geologic map of Yosemite National Park and vicinity, California.</marc:subfield><marc:subfield code="w">(OCoLC)21349734</marc:subfield></marc:datafield><marc:datafield tag="830" ind1=" " ind2="0"><marc:subfield code="a">Miscellaneous investigations series (Geological Survey (U.S.)) ;</marc:subfield><marc:subfield code="v">map I-1874.</marc:subfield></marc:datafield><marc:datafield tag="856" ind1="4" ind2="0"><marc:subfield code="u">https://purl.fdlp.gov/GPO/gpo233055</marc:subfield><marc:subfield code="7">0</marc:subfield></marc:datafield><marc:datafield tag="856" ind1="4" ind2=" "><marc:subfield code="z">Address at time of PURL creation</marc:subfield><marc:subfield code="u">https://pubs.usgs.gov/imap/i1874/</marc:subfield></marc:datafield><marc:datafield tag="994" ind1=" " ind2=" "><marc:subfield code="a">C0</marc:subfield><marc:subfield code="b">GPO</marc:subfield></marc:datafield><marc:datafield tag="049" ind1=" " ind2=" "><marc:subfield code="a">XZL4</marc:subfield></marc:datafield><marc:datafield tag="922" ind1=" " ind2=" "><marc:subfield code="a">BIBCONEW</marc:subfield><marc:subfield code="b">20240924</marc:subfield></marc:datafield><marc:datafield tag="955" ind1=" " ind2=" "><marc:subfield code="a">bca35 20240924</marc:subfield><marc:subfield code="b">20240924</marc:subfield></marc:datafield></marc:record>